@article{gw-maxcut,
	title = {0.878 approximation algorithms for MAX CUT and MAX 2-SAT},
	author = {Goemans, Michel and Williamson, David},
	year = {2000},
	month = {07},
	pages = {},
	volume = {42},
	journal = {Journal of the ACM},
	doi = {10.1145/227683.227684}
}

@book{bfa_od,
	place={Cambridge},
	title={Analysis of Boolean Functions},
	DOI={10.1017/CBO9781139814782},
	publisher={Cambridge University Press},
	author={O'Donnell, Ryan},
	year={2014},
	url={https://arxiv.org/abs/2105.10386}
}
