@book{klenke,
    title =     "Probability Theory: A Comprehensive Course",
    author =    "Achim Klenke",
    publisher = "Springer",
    year =      "2006",
    edition =   2
}

@article{etemadi,
    title =     "An Elementary Proof of the Strong Law of Large Numbers.",
    author =    "N. Etemadi",
    journal =   "Z. Wahrscheinlichkeitstheorie verw Gebiete",
    year =      "1981",
    volume =    "55 (1)",
    pages =     "119-122",
    doi =       {10.1007/BF01013465}
    }