@article{sahRamsey,
	title={Diagonal Ramsey via effective quasirandomness},
	author={Ashwin Sah},
	journal={arXiv: Combinatorics},
	year={2020}
}

@article{conlonRamsey,
	ISSN = {0003486X},
	URL = {http://www.jstor.org/stable/25662166},
	abstract = {We prove a new upper bound for diagonal two-colour Ramsey numbers, showing that there exists a constant C such that $r(k+1,k+1)\leq k^{-C\ \text{log}\ k/\text{log log}\ k}\left( \matrix 2k \\ k \endmatrix \right)$ .},
	author = {David Conlon},
	journal = {Annals of Mathematics},
	number = {2},
	pages = {941--960},
	publisher = {Annals of Mathematics},
	title = {A new upper bound for diagonal Ramsey numbers},
	volume = {170},
	year = {2009}
}



@MISC{Goel11perfectmatchings,
    author = {Ashish Goel and Michael Kapralov and Sanjeev Khanna},
    title = {Perfect Matchings in ${O}(n \log n)$ Time in Regular Bipartite Graphs},
    year = {2011}
}

@article{Gowers1997,
	author={Gowers, W. T.},
	title={Lower bounds of tower type for {S}zemer{\'e}di's uniformity lemma},
	journal={Geometric {\&} Functional Analysis GAFA},
	year={1997},
	month={May},
	day={01},
	volume={7},
	number={2},
	pages={322-337},
	issn={1420-8970},
	doi={10.1007/PL00001621},
	url={https://doi.org/10.1007/PL00001621}
}



@article{erdos_1959_girth_chromaticnum,
	title={Graph Theory and Probability},
	volume={11},
	doi={10.4153/CJM-1959-003-9},
	journal={Canadian Journal of Mathematics}, publisher={Cambridge University Press},
	author={Erdös, P.},
	year={1959},
	pages={34–38},
}


@article{ref-1,
	title = "Norm-graphs and bipartite {T}ur{\'a}n numbers",
	abstract = "For every t > 1 and positive n we construct explicit examples of graphs G with |V(G)| = n, |E(G)| ≥ ct · n2-1/t which do not contain a complete bipartite graph Kt,t!+1. This establishes the exact order of magnitude of the Tur{\'a}n numbers ex(n,Kt,s) for any fixed t and all s ≥ t! + 1, improving over the previous probabilistic lower bounds for such pairs (t,s). The construction relies on elementary facts from commutative algebra.",
	author = "J{\'a}nos Koll{\'a}r and Lajos R{\'o}nyai and Tibor Szab{\'o}",
	year = "1996",
	doi = "10.1007/bf01261323",
	language = "English (US)",
	volume = "16",
	pages = "399--406",
	journal = "Combinatorica",
	issn = "0209-9683",
	publisher = "Janos Bolyai Mathematical Society",
	number = "3",
}