@book{hill,
    title =     "A First Course in Coding Theory",
    author =    "Raymond Hill",
    publisher = "Oxford University Press",
    year =      "1986"
}

@unpublished{esse,
    title =     "\textit{Essential Coding Theory}",
    author =    "Venkatesan Guruswami and Atri Rudra and Madhu Sudan",
    note =      "\url{https://cse.buffalo.edu/faculty/atri/courses/coding-theory/book/}"
}