@article{AKS-primality,
    author = {Agrawal, Manindra and Kayal, Neeraj and Saxena, Nitin},
    year = {2002},
    month = {09},
    pages = {},
    title = {Primes is in {P}},
    volume = {160},
    journal = {Annals of Mathematics},
    doi = {10.4007/annals.2004.160.781}
}