@book{ec2,
	place={Cambridge},
	series={Cambridge Studies in Advanced Mathematics},
	title={Enumerative Combinatorics},
	volume={2},
	DOI={10.1017/CBO9780511609589},
	publisher={Cambridge University Press},
	author={Stanley, Richard P. and Fomin, Sergey},
	year={1999},
	collection={Cambridge Studies in Advanced Mathematics}
}