@book{dummyfeet,
    title =     "Abstract Algebra",
    author =    "David S. Dummit and Richard M. Foote",
    publisher = "Wiley",
    year =      "1991"

}