@article{nash-noncooperative-games,
 ISSN = {0003486X},
 URL = {http://www.jstor.org/stable/1969529},
 author = {John Nash},
 journal = {Annals of Mathematics},
 number = {2},
 pages = {286--295},
 publisher = {Annals of Mathematics},
 title = {Non-Cooperative Games},
 urldate = {2022-08-12},
 volume = {54},
 year = {1951}
}



@article{Daskalakis2009TheCO,
  title={The complexity of computing a Nash equilibrium},
  author={Constantinos Daskalakis and Paul W. Goldberg and Christos H. Papadimitriou},
  journal={Electron. Colloquium Comput. Complex.},
  year={2009}
}